@inproceedings{Gregorio2016,
address = {Trieste},
author = {Gregorio, A. and Cuttin, A. and Fragiacomo, M. and others},
booktitle = {New Advanced GNSS and 3D Spatial Techniques},
publisher = {Springer},
title = {{Doing science with nano-satellites}},
year = {2016},
}
editor = {Barbarella, Maurizio and Cefalo, Raffaella and Zielinski, Janusz},
@article{Buttazzoni2017,
author = {Buttazzoni, G. and Comisso, M. and Cuttin, A. and others},
journal = {Acta Astr.},
title = {{Reconfigurable phased antenna array for extending cubesat operations to Ka-band: Design and feasibility}},
year = {2017}
}
% pages = {114--121},
% volume = {137},
@article{DArcangelo2009,
author = {D'Arcangelo, O. and Simonetto, A. and Figini, L. and  and others},
journal = {Journal of Instrumentation},
publisher = {IOP Publishing},
title = {{The Planck-LFI flight model ortho-mode transducers}},
year = {2009}
}
@inproceedings{Liu2008,
author = {Liu, Yizhi and Li, Feng and Li, Xiumei and others},
booktitle = {2008 Global Symposium on Millimeter Waves},
title = {{Design and Optimization of Wide and Dual Band Waveguide Polarizer}},
year = {2008}
}
@article{Teniente2002,
author = {Teniente, J. and Gonzalo, R. and Del-Rio, C.},
journal = IEEE_J_MWCL,
title = {{Ultra-wide band corrugated gaussian profiled horn antenna design}},
year = {2002}
}
@article{Doghri2015,
author = {Doghri, Ali and Djerafi, Tarek and Ghiotto, Anthony and others},
journal = IEEE_J_MTT ,
title = {{Substrate Integrated Waveguide Directional Couplers for Compact Three-Dimensional Integrated Circuits}},
year = {2015}
}
@article{Alimenti2016,
author = {Alimenti, F. and Tasselli, G. and Botteron, C. and others},
journal = IEEE_J_MTT ,
title = {{Avalanche Microwave Noise Sources in Commercial 90-nm CMOS Technology}},
year = {2016}
}
@article{Alimenti2008,
author = {Alimenti, F. and Bonafoni, S. and Leone, S. and others},
journal = IEEE_J_GRS,
title = {{A Low-Cost Microwave Radiometer for the Detection of Fire in Forest Environments}},
year = {2008}
}
@misc{agilent_AN57-1,
    organization  = "Agilent Technologies",
    title         = "{Application Note 57-1:} Fundamental of {RF} and Microwave Noise Figure
  Measurements",
    % number        = "TJA1043",
    year          =  2000,
    % month         =  4,
    % note          = "Rev. 3"
}
@misc{noisecom_NC407B,
    organization  = "Noisecom",
    title         = "{Data Sheet:} {NC407B}  1 {GHz} to 110 {GHz}",
    number        = "N/NC407B/0717/EN",
    year          =  2017,
    % month         =  4,
    % note          = "Rev. 3"
}
@misc{ioag2016,
    organization  = "Interagency Operations Advisory Group (IOAG)",
    title         = "{Low-Earth Orbit (LEO)} {26~GHz K-band} Study Group Final Report",
    number        = "IOAG.T.LEO26SG.2012.V1",
    year          =  2016,
    % month         =  11,
    % note          = "Rev. 3"
}
@misc{analog,
    organization  = "Analog Devices",
    url          = "www.analog.com"
}